<?xml version="1.0" encoding="UTF-8"?><record xmlns="http://www.loc.gov/MARC21/slim" xmlns:cinclude="http://apache.org/cocoon/include/1.0" xmlns:zs="http://www.loc.gov/zing/srw/">
  <leader>00433nz  a2200133n  4500</leader>
  <controlfield tag="001">no2011044732</controlfield>
  <controlfield tag="003">DLC</controlfield>
  <controlfield tag="005">20110324075430.0</controlfield>
  <controlfield tag="008">110322n| acannaabn          |n aaa     c</controlfield>
  <datafield tag="010" ind1=" " ind2=" ">
    <subfield code="a">no2011044732</subfield>
  </datafield>
  <datafield tag="035" ind1=" " ind2=" ">
    <subfield code="a">(OCoLC)oca08804653</subfield>
  </datafield>
  <datafield tag="040" ind1=" " ind2=" ">
    <subfield code="a">GEU</subfield>
    <subfield code="b">eng</subfield>
    <subfield code="c">GEU</subfield>
  </datafield>
  <datafield tag="100" ind1="1" ind2=" ">
    <subfield code="a">Whitlock, Joyce Ann</subfield>
  </datafield>
  <datafield tag="670" ind1=" " ind2=" ">
    <subfield code="a">Sacred ground, 2008:</subfield>
    <subfield code="b">t.p. (Joyce Ann Whitlock) jacket (registered nurse) foreword (grew up in community six miles from downtown Atlanta)</subfield>
  </datafield>
</record>